% This file was created with JabRef 2.6.
% Encoding: UTF8
@Online{dovecot,
  author      = "{Canonical Ltd}",
  title       = {USN-2213-1: Dovecot vulnerability},
  year        = {2014},
  urldate     = {2015-03-03},
  url         = {http://www.ubuntu.com/usn/usn-2213-1/},
}

@ARTICLE{Avizienis2004,
  author = {Avi\v{z}ienis, Algirdas and Laprie, Jean-Claude and Randell, Brian
	and Landwehr, Carl},
  title = {{Basic Concepts and Taxonomy of Dependable and Secure Computing}},
  journal = {IEEE Transactions on Dependable and Secure Computing},
  year = {2004},
  volume = {1},
  pages = {11--33},
  number = {1},
  doi = {10.1109/TDSC.2004.2},
  owner = {pierre},
  timestamp = {2011.05.06}
}

@MISC{latex-wikibook,
  title = {LaTeX - Wikibooks, open books for an open world},
  owner = {pierre},
  timestamp = {2013.02.18},
  url = {http://en.wikibooks.org/wiki/LaTeX}
}

@online{openvas,
    author      = {OpenVAS},
    title       = {About OpenVAS},
    year        = {2015},
    urldate     = {2015-03-03},
    url         = {http://www.openvas.org/about.html},
}
@online{wiki,
    author      = {Wikipedia},
    title       = {Vulnerability scanner},
    year        = {2014},
    urldate     = {2015-03-03},
    url         = {http://en.wikipedia.org/wiki/Vulnerability_scanner},
}

@online{hk,
    author      = "{The Government of the Hong Kong Special Administrative Region}",
    title       = {AN OVERVIEW OF VULNERABILITY SCANNERS},
    year        = {2008},
    urldate     = {2015-03-03},
    url         = {http://www.infosec.gov.hk/english/technical/files/vulnerability.pdf},
}

@online{ubuntu,
    author      = "{Canonical Ltd}",
    title       = {Software Packages in "lucid-updates", Subsection net},
    year        = {2015},
    urldate     = {2015-03-03},
    url         = {http://packages.ubuntu.com/en/lucid-updates/net/},
}

@article{newsletter,
    author      = {Elizabeth K. Joseph},
    title       = {Updates and Security for 10.04, 12.04, 12.10 and 13.10},
    journal     = {Ubuntu Weekly Newsletter},
    issue       = "361",
    year        = {2014},
    urldate     = {2015-03-03},
    url         = {https://wiki.ubuntu.com/UbuntuWeeklyNewsletter/Issue361},
}

@comment{jabref-meta: selector_publisher:}

@comment{jabref-meta: selector_author:}

@comment{jabref-meta: selector_journal:}

@comment{jabref-meta: selector_keywords:}

